Date,Net Sales,Orders,Guests
02/26/2017,0,0,0,
02/27/2017,0,0,0,
02/28/2017,0,0,0,
03/01/2017,0,0,0,
03/02/2017,0,0,0,
03/03/2017,0,0,0,
03/04/2017,0,0,0,
03/05/2017,0,0,0,
03/06/2017,0,0,0,
03/07/2017,0,0,0,
03/08/2017,0,0,0,
03/09/2017,0,0,0,
03/10/2017,0,0,0,
03/11/2017,0,0,0,
03/12/2017,0,0,0,
03/13/2017,5,2,3,
03/14/2017,5120.5,118,206,
03/15/2017,4105,108,182,
03/16/2017,6941,186,260,
03/17/2017,15053.39,327,481,
03/18/2017,11338.5,221,361,
03/19/2017,12033.31,224,414,
03/20/2017,4352.21,120,178,
03/21/2017,4861.96,144,198,
03/22/2017,5150.45,136,218,
03/23/2017,4128.84,141,177,
03/24/2017,10740.09,251,360,
03/25/2017,13559.09,298,510,
03/26/2017,11103.59,209,386,
03/27/2017,4197.51,121,171,
03/28/2017,4574.57,129,201,
03/29/2017,7465.62,176,282,
03/30/2017,7155.28,177,257,
03/31/2017,10288.39,217,288,
04/01/2017,15148.03,466,657,
04/02/2017,11341.3,256,457,
04/03/2017,5652.07,157,225,
04/04/2017,4529.17,128,183,
04/05/2017,6126.99,185,268,
04/06/2017,5122.17,152,209,
04/07/2017,8484.84,211,311,
04/08/2017,15436.19,348,566,
04/09/2017,13356.19,263,546,
04/10/2017,6932.8,166,281,
04/11/2017,7348.1,188,289,
04/12/2017,7426.57,200,313,
04/13/2017,5889.98,158,239,
04/14/2017,11211.13,288,426,
04/15/2017,12532.84,252,447,
04/16/2017,12272.19,241,500,
04/17/2017,4673.23,137,215,
04/18/2017,5346.17,148,206,
04/19/2017,6518.51,152,249,
04/20/2017,5771.38,183,247,
04/21/2017,9998.73,233,341,
04/22/2017,11875.9,240,421,
04/23/2017,11464.04,225,418,
04/24/2017,4529.98,122,181,
04/25/2017,4464.92,122,153,
04/26/2017,6623.11,158,283,
04/27/2017,7006.19,169,290,
04/28/2017,10981.39,276,459,
04/29/2017,17093.03,317,542,
04/30/2017,9777.69,204,364,
05/01/2017,4272.22,131,173,
05/02/2017,6135.55,159,243,
05/03/2017,9956.92,222,337,
05/04/2017,6521.1,181,262,
05/05/2017,9174.6,201,315,
05/06/2017,19786.28,592,803,
05/07/2017,8435.74,191,331,
05/08/2017,3856.25,109,150,
05/09/2017,4655.02,138,208,
05/10/2017,8996.53,198,322,
05/11/2017,7151.76,183,282,
05/12/2017,9082.14,229,341,
05/13/2017,13128.49,265,417,
05/14/2017,15081.47,265,574,
05/15/2017,6083.57,138,206,
05/16/2017,5648.23,149,224,
05/17/2017,9096.36,222,365,
05/18/2017,6645.26,178,273,
05/19/2017,11548.68,282,429,
05/20/2017,12550.11,250,434,
05/21/2017,11010.48,246,434,
05/22/2017,3596.89,119,155,
05/23/2017,4043.68,120,173,
05/24/2017,7768.26,186,314,
05/25/2017,4873.02,137,187,
05/26/2017,9345.04,230,346,
05/27/2017,10166.93,218,391,
05/28/2017,10984.09,210,401,
05/29/2017,7673.33,162,272,
05/30/2017,4031.24,113,164,
05/31/2017,7040.55,176,290,
06/01/2017,7104.6,184,284,
06/02/2017,13175.54,275,426,
06/03/2017,13740.33,371,541,
06/04/2017,9835.13,205,354,
06/05/2017,3501.89,112,153,
06/06/2017,3982.24,113,158,
06/07/2017,10303.84,233,341,
06/08/2017,4656.1,148,204,
06/09/2017,11313.16,281,427,
06/10/2017,12244.59,259,404,
06/11/2017,10112.69,216,396,
06/12/2017,4844.08,130,173,
06/13/2017,5311.42,144,209,
06/14/2017,6976.61,167,275,
06/15/2017,7920.99,191,312,
06/16/2017,9210.61,226,334,
06/17/2017,13782.46,277,470,
06/18/2017,10773.82,229,434,
06/19/2017,3278.83,96,121,
06/20/2017,5624.91,135,214,
06/21/2017,7397.56,170,303,
06/22/2017,6021.68,167,262,
06/23/2017,9672.32,226,350,
06/24/2017,10476.75,236,425,
06/25/2017,8017.2,193,321,
06/26/2017,4343.36,118,170,
06/27/2017,5050.09,124,198,
06/28/2017,9364.6,178,335,
06/29/2017,9706.11,190,281,
06/30/2017,9649.75,220,327,
07/01/2017,9750.24,349,448,
07/02/2017,6898.08,163,255,
07/03/2017,8231.6,187,295,
07/04/2017,10457.28,230,395,
07/05/2017,6581.53,149,258,
07/06/2017,6013.63,139,208,
07/07/2017,8253.38,191,287,
07/08/2017,9510.1,188,356,
07/09/2017,9581.8,202,362,
07/10/2017,7848.63,151,202,
07/11/2017,5298.93,141,200,
07/12/2017,6085.49,146,242,
07/13/2017,4937.04,136,190,
07/14/2017,7407.75,209,312,
07/15/2017,10029.74,214,389,
07/16/2017,8275.62,168,284,
07/17/2017,4464.77,119,176,
07/18/2017,4681.93,122,172,
07/19/2017,7512.03,164,269,
07/20/2017,7229.12,204,293,
07/21/2017,8140.36,192,284,
07/22/2017,8588.19,190,325,
07/23/2017,8156.12,169,328,
07/24/2017,4753.61,126,183,
07/25/2017,4322.05,117,168,
07/26/2017,7243.58,142,268,
07/27/2017,6887.37,157,209,
07/28/2017,10914.58,350,473,
07/29/2017,8665.29,181,319,
07/30/2017,8685.4,193,320,
07/31/2017,4213.16,117,175,
08/01/2017,5026.4,149,218,
08/02/2017,7130.25,168,289,
08/03/2017,8202.38,161,311,
08/04/2017,8933.15,253,357,
08/05/2017,9356.93,212,343,
08/06/2017,8155.97,167,285,
08/07/2017,3919.36,106,182,
08/08/2017,4687.62,132,168,
08/09/2017,7881.61,173,307,
08/10/2017,4726.09,124,179,
08/11/2017,7564.32,198,296,
08/12/2017,7442.93,176,280,
08/13/2017,7860.73,186,307,
08/14/2017,4450.43,119,168,
08/15/2017,4351.88,112,160,
08/16/2017,8223.21,195,325,
08/17/2017,5646.44,128,188,
08/18/2017,9849.95,227,312,
08/19/2017,10939.36,225,413,
08/20/2017,9417.71,197,374,
08/21/2017,4750.14,133,199,
08/22/2017,4918.2,138,195,
08/23/2017,6574.11,159,263,
08/24/2017,5507.48,153,236,
08/25/2017,8304.55,202,321,
08/26/2017,18282.81,367,601,
08/27/2017,11232.07,318,482,
08/28/2017,5063.09,116,187,
08/29/2017,4240.39,122,165,
08/30/2017,6679.7,147,253,
08/31/2017,5926.06,150,223,
09/01/2017,8144.12,217,334,
09/02/2017,7952.93,170,304,
09/03/2017,7434.41,170,304,
09/04/2017,7925.38,180,307,
09/05/2017,4857.52,140,186,
09/06/2017,5883.47,137,216,
09/07/2017,5890.54,147,222,
09/08/2017,13372.86,229,372,
09/09/2017,11506.38,252,422,
09/10/2017,10217.09,188,366,
09/11/2017,5209.16,125,185,
09/12/2017,4680.17,136,180,
09/13/2017,6780.94,182,296,
09/14/2017,5470.89,143,210,
09/15/2017,10018.41,256,390,
09/16/2017,9733.33,211,361,
09/17/2017,10307.17,229,403,
09/18/2017,4014.27,126,166,
09/19/2017,4516.5,125,167,
09/20/2017,7996.86,172,278,
09/21/2017,5098.73,134,203,
09/22/2017,8838.77,218,338,
09/23/2017,10871.08,244,398,
09/24/2017,9055.49,192,320,
09/25/2017,3881.06,117,152,
09/26/2017,4920.64,137,183,
09/27/2017,7203.79,156,265,
09/28/2017,6299.12,155,226,
09/29/2017,8071.11,213,306,
09/30/2017,11718.38,285,433,
10/01/2017,9778.58,213,363,
10/02/2017,4337.36,122,159,
10/03/2017,5109.8,135,195,
10/04/2017,7643.34,171,301,
10/05/2017,6247.32,153,215,
10/06/2017,8682.28,228,331,
10/07/2017,16547.58,463,698,
10/08/2017,9131.88,205,358,
10/09/2017,5003.84,121,198,
10/10/2017,4303.49,122,166,
10/11/2017,7167.35,196,294,
10/12/2017,4554.05,115,172,
10/13/2017,8639.91,211,324,
10/14/2017,11261.5,228,409,
10/15/2017,17694.9,290,395,
10/16/2017,3403.3,99,121,
10/17/2017,5586.68,143,207,
10/18/2017,10675.21,218,308,
10/19/2017,5991.92,141,218,
10/20/2017,9724.04,210,338,
10/21/2017,19396.14,519,714,
10/22/2017,9109.55,205,345,
10/23/2017,4656.68,124,178,
10/24/2017,4288.09,117,159,
10/25/2017,6394.2,160,253,
10/26/2017,5772.16,139,233,
10/27/2017,13658.36,205,315,
10/28/2017,12812.68,257,473,
10/29/2017,7201.01,146,334,
10/30/2017,4183.05,112,155,
10/31/2017,6830.39,152,241,
11/01/2017,6097.13,160,237,
11/02/2017,4381.37,120,180,
11/03/2017,8779.17,204,305,
11/04/2017,14761.5,417,599,
11/05/2017,8694.64,181,344,
11/06/2017,3118.87,91,122,
11/07/2017,4161.91,101,148,
11/08/2017,5491,118,196,
11/09/2017,6365.42,163,221,
11/10/2017,9334.1,179,265,
11/11/2017,11807.11,246,414,
11/12/2017,7904.71,163,291,
11/13/2017,4094.12,100,143,
11/14/2017,3922.83,106,151,
11/15/2017,5830.32,123,200,
11/16/2017,5444.43,140,203,
11/17/2017,8589.53,176,256,
11/18/2017,10741.29,244,384,
11/19/2017,8661.08,175,302,
11/20/2017,4780.76,102,162,
11/21/2017,5014.59,118,172,
11/22/2017,7202.54,158,258,
11/23/2017,4820.16,82,127,
11/24/2017,8729.75,184,273,
11/25/2017,7293.71,159,263,
11/26/2017,7122.54,151,253,
11/27/2017,3329.09,97,122,
11/28/2017,4194.98,107,148,
11/29/2017,6885.51,143,246,
11/30/2017,4759.79,135,172,
12/01/2017,9263.77,227,340,
12/02/2017,12126.83,270,440,
12/03/2017,9549.42,196,338,
12/04/2017,4499.73,109,149,
12/05/2017,3616.2,95,141,
12/06/2017,6075.5,142,203,
12/07/2017,7695.49,137,186,
12/08/2017,17343.04,262,387,
12/09/2017,14819.9,226,362,
12/10/2017,10158.02,206,363,
12/11/2017,4579.61,110,154,
12/12/2017,5679.15,107,172,
12/13/2017,6720.44,143,231,
12/14/2017,6570.55,147,213,
12/15/2017,19131.29,212,312,
12/16/2017,10023.37,228,346,
12/17/2017,10472.96,188,349,
12/18/2017,5364.94,126,195,
12/19/2017,4535.11,105,147,
12/20/2017,6893.02,154,262,
12/21/2017,9245.9,201,275,
12/22/2017,7411.33,170,242,
12/23/2017,7226.98,142,261,
12/24/2017,5251.05,102,169,
12/25/2017,4675.88,84,124,
12/26/2017,2994.63,77,113,
12/27/2017,6104.58,126,215,
12/28/2017,4055.95,95,165,
12/29/2017,7973.5,166,275,
12/30/2017,8348.48,165,258,
12/31/2017,14138.78,238,373,
01/01/2018,6178.4,111,204,
01/02/2018,2346.55,70,85,
01/03/2018,3978.11,109,154,
01/04/2018,5306.72,122,169,
01/05/2018,6898.9,134,205,
01/06/2018,10310.74,190,306,
01/07/2018,7813.6,155,254,
01/08/2018,2901.65,84,107,
01/09/2018,2795.26,80,99,
01/10/2018,5976.87,126,215,
01/11/2018,4123.21,105,149,
01/12/2018,7153.64,156,245,
01/13/2018,9402.06,181,297,
01/14/2018,8677.37,148,274,
01/15/2018,6359.71,132,231,
01/16/2018,4107.56,100,159,
01/17/2018,4790.68,112,167,
01/18/2018,4288.19,101,145,
01/19/2018,13151.78,235,321,
01/20/2018,10120.35,231,376,
01/21/2018,7055.05,165,290,
01/22/2018,3509.24,93,126,
01/23/2018,3156.55,76,112,
01/24/2018,5839.41,145,233,
01/25/2018,4279.54,112,154,
01/26/2018,7597.55,177,280,
01/27/2018,9219,173,330,
01/28/2018,6721.1,133,243,
01/29/2018,2915.03,81,106,
01/30/2018,2954.25,101,127,
01/31/2018,5376.2,110,184,
02/01/2018,4705.68,119,158,
02/02/2018,8662.1,183,271,
02/03/2018,8878.02,178,295,
02/04/2018,8609.17,173,280,
02/05/2018,2782.55,67,92,
02/06/2018,3471.59,93,128,
02/07/2018,4435.28,113,168,
02/08/2018,4616.98,123,166,
02/09/2018,7465.85,160,240,
02/10/2018,8784.74,186,290,
02/11/2018,7122.09,146,260,
02/12/2018,3552.01,92,124,
02/13/2018,2996.14,106,128,
02/14/2018,7010.33,159,241,
02/15/2018,3846.35,101,141,
02/16/2018,7884.9,174,266,
02/17/2018,7652.27,147,261,
02/18/2018,9365.36,161,292,
02/19/2018,6323.63,142,226,
02/20/2018,4190.27,109,165,
02/21/2018,6821.42,171,280,
02/22/2018,3749.28,93,136,
02/23/2018,6893.62,171,239,
02/24/2018,8119.37,195,303,
02/25/2018,6796.15,150,246,
02/26/2018,4366.57,101,135,
02/27/2018,4562.37,99,161,
02/28/2018,5355.79,133,206,
03/01/2018,3274.4,82,115,
03/02/2018,7390.19,151,211,
03/03/2018,11798.29,279,445,
03/04/2018,7144.86,153,263,
03/05/2018,3820.02,81,122,
03/06/2018,3955.88,103,138,
03/07/2018,4464.54,107,148,
03/08/2018,4062.81,111,146,
03/09/2018,8149.93,212,309,
03/10/2018,14262.18,196,320,
03/11/2018,8933.45,162,314,
03/12/2018,2107.95,74,85,
03/13/2018,4792.47,118,154,
03/14/2018,4597.08,120,184,
03/15/2018,5961.56,141,198,
03/16/2018,7660.72,177,260,
03/17/2018,13572.19,273,426,
03/18/2018,9198.02,168,313,
03/19/2018,3490.26,90,136,
03/20/2018,5139.5,116,151,
03/21/2018,4829.71,109,162,
03/22/2018,4464.93,105,154,
03/23/2018,6485.14,152,232,
03/24/2018,21416.32,197,313,
03/25/2018,9954.66,192,333,
03/26/2018,3999.44,92,147,
03/27/2018,3495.86,92,133,
03/28/2018,4587.59,99,164,
03/29/2018,4234.02,119,164,
03/30/2018,7862.92,212,283,
03/31/2018,11263.3,201,355,
04/01/2018,7898.49,146,262,
04/02/2018,3268.42,93,148,
04/03/2018,3293.48,75,110,
04/04/2018,5167.21,134,197,
04/05/2018,4567.1,111,155,
04/06/2018,7728.32,181,277,
04/07/2018,12527.44,199,359,
04/08/2018,6547.11,124,221,
04/09/2018,3641.43,94,141,
04/10/2018,2884.7,81,113,
04/11/2018,6040.41,134,210,
04/12/2018,4936.08,118,180,
04/13/2018,10904.15,216,364,
04/14/2018,12534.82,240,428,
04/15/2018,5995.37,131,229,
04/16/2018,4486.71,99,157,
04/17/2018,3782.79,105,147,
04/18/2018,5570.58,126,188,
04/19/2018,3415.84,99,132,
04/20/2018,11529.69,182,289,
04/21/2018,11518.87,215,387,
04/22/2018,10148.57,201,368,
04/23/2018,3896.82,112,151,
04/24/2018,3234.39,106,149,
04/25/2018,5698.77,123,201,
04/26/2018,6177.66,154,257,
04/27/2018,8523.73,188,278,
04/28/2018,11116.8,226,406,
04/29/2018,7370.32,145,269,
04/30/2018,4102.63,103,152,
05/01/2018,5082.45,120,229,
05/02/2018,7441.53,157,299,
05/03/2018,5035.04,126,185,
05/04/2018,8266.97,193,297,
05/05/2018,8846.13,187,334,
05/06/2018,9229.58,160,305,
05/07/2018,4524.05,105,162,
05/08/2018,4450.49,116,182,
05/09/2018,6157.96,150,361,
05/10/2018,4879.31,118,194,
05/11/2018,8907.4,226,337,
05/12/2018,11096.36,238,378,
05/13/2018,8759.32,158,326,
05/14/2018,4543.32,108,183,
05/15/2018,5384.06,127,182,
05/16/2018,5274.93,118,233,
05/17/2018,3377.88,102,164,
05/18/2018,6934.9,133,222,
05/19/2018,13412.43,165,327,
05/20/2018,7459.41,150,259,
05/21/2018,3760.68,101,140,
05/22/2018,4493.98,86,133,
05/23/2018,5854.09,127,197,
05/24/2018,4885.85,123,214,
05/25/2018,7273.26,171,254,
05/26/2018,7213.28,151,287,
05/27/2018,6766.19,119,220,
05/28/2018,5544.95,117,196,
05/29/2018,3291.08,87,124,
05/30/2018,5085.32,108,179,
05/31/2018,5602.54,114,190,
06/01/2018,9036.38,223,321,
06/02/2018,10271.87,216,373,
06/03/2018,7546.57,148,276,
06/04/2018,3049.47,80,112,
06/05/2018,3585.9,91,132,
06/06/2018,5547.09,116,206,
06/07/2018,3653.08,88,132,
06/08/2018,7300.31,154,247,
06/09/2018,9625.17,160,303,
06/10/2018,6218.8,127,224,
06/11/2018,3472.75,92,137,
06/12/2018,5185.02,107,156,
06/13/2018,4328.51,101,183,
06/14/2018,4634.55,129,183,
06/15/2018,7306.48,171,272,
06/16/2018,14004.89,195,331,
06/17/2018,9771.02,185,384,
06/18/2018,3655.15,92,133,
06/19/2018,4835.42,126,186,
06/20/2018,6029.73,130,210,
06/21/2018,5844.2,162,238,
06/22/2018,8804.3,206,304,
06/23/2018,9750.91,210,371,
06/24/2018,7897.09,171,292,
06/25/2018,4755.91,119,178,
06/26/2018,4544.38,134,176,
06/27/2018,5976.33,132,235,
06/28/2018,7075.2,159,211,
06/29/2018,6379.44,146,220,
06/30/2018,8242.09,188,300,
07/01/2018,8308.26,155,275,
07/02/2018,3563.19,102,153,
07/03/2018,6518.36,156,227,
07/04/2018,5308.24,127,200,
07/05/2018,3846.25,93,147,
07/06/2018,6750.04,169,255,
07/07/2018,8089,192,312,
07/08/2018,7946.11,166,382,
07/09/2018,3626.17,104,155,
07/10/2018,3559.82,112,150,
07/11/2018,7816.36,168,267,
07/12/2018,6131.18,106,174,
07/13/2018,6332.3,152,219,
07/14/2018,6815.17,149,257,
07/15/2018,9120.48,196,329,
07/16/2018,5248.66,119,152,
07/17/2018,4381.55,79,125,
07/18/2018,7244.96,140,247,
07/19/2018,4051.83,105,146,
07/20/2018,7503.39,169,257,
07/21/2018,8273.79,152,274,
07/22/2018,6256.07,124,226,
07/23/2018,3157.3,89,117,
07/24/2018,4275.33,112,143,
07/25/2018,5293.77,115,188,
07/26/2018,4751.41,109,239,
07/27/2018,6604.27,156,236,
07/28/2018,10022.5,171,273,
07/29/2018,5985.3,130,228,
07/30/2018,3789.44,83,128,
07/31/2018,4162.89,110,161,
08/01/2018,5183.14,134,200,
08/02/2018,5650.18,135,200,
08/03/2018,7782.85,200,287,
08/04/2018,7162.59,156,264,
08/05/2018,7143.17,157,280,
08/06/2018,3138.63,96,131,
08/07/2018,3948.01,95,136,
08/08/2018,4773.89,124,196,
08/09/2018,3937.96,96,137,
08/10/2018,6272.66,152,237,
08/11/2018,6537.48,143,245,
08/12/2018,7464.85,155,269,
08/13/2018,2798.7,78,102,
08/14/2018,4881.91,109,159,
08/15/2018,5997.18,128,198,
08/16/2018,3933.72,100,141,
08/17/2018,6545.65,160,227,
08/18/2018,10851.34,199,306,
08/19/2018,6351.8,133,239,
08/20/2018,3668.3,92,136,
08/21/2018,3196.3,82,126,
08/22/2018,7171.25,148,244,
08/23/2018,6396.01,148,210,
08/24/2018,7745.11,165,274,
08/25/2018,13984.33,481,655,
08/26/2018,11447.61,331,488,
08/27/2018,3634.21,110,155,
08/28/2018,3565.4,90,132,
08/29/2018,4259.23,113,169,
08/30/2018,4901.45,129,182,
08/31/2018,6486.55,156,233,
09/01/2018,7081,155,234,
09/02/2018,6670.43,142,259,
09/03/2018,5460.17,124,212,
09/04/2018,3496.64,94,134,
09/05/2018,4905.11,132,175,
09/06/2018,4653.6,122,155,
09/07/2018,9674.84,235,314,
09/08/2018,7637.67,170,269,
09/09/2018,6144.62,139,216,
09/10/2018,3179.61,93,123,
09/11/2018,3461.76,81,116,
09/12/2018,5238.03,121,164,
09/13/2018,5125.63,130,169,
09/14/2018,7728.63,167,249,
09/15/2018,9588.4,253,369,
09/16/2018,6133.72,141,302,
09/17/2018,3637.73,102,144,
09/18/2018,2824.39,81,114,
09/19/2018,5413.36,108,173,
09/20/2018,4957.69,149,200,
09/21/2018,6906.32,158,199,
09/22/2018,10761.76,252,368,
09/23/2018,6942.5,136,258,
09/24/2018,2941.03,94,116,
09/25/2018,3415.08,81,119,
09/26/2018,5320.01,123,178,
09/27/2018,5608.47,132,184,
09/28/2018,7412.81,162,226,
09/29/2018,10428.07,204,347,
09/30/2018,6742.17,143,241,
10/01/2018,3903.86,94,157,
10/02/2018,3207.16,101,133,
10/03/2018,5183.3,120,177,
10/04/2018,4934.85,117,175,
10/05/2018,7567.89,162,246,
10/06/2018,10637.17,260,409,
10/07/2018,7434.71,165,283,
10/08/2018,3900.38,101,147,
10/09/2018,3660.7,103,146,
10/10/2018,5173.62,126,202,
10/11/2018,4296.92,121,163,
10/12/2018,8448.08,185,271,
10/13/2018,8841.2,165,275,
10/14/2018,7465.52,153,300,
10/15/2018,3030.24,80,108,
10/16/2018,4358.01,106,153,
10/17/2018,5195.08,113,251,
10/18/2018,4849.17,130,260,
10/19/2018,6775.99,149,265,
10/20/2018,12141.73,172,307,
10/21/2018,6079.82,130,226,
10/22/2018,3229.68,85,112,
10/23/2018,3148.6,82,129,
10/24/2018,4290.81,103,156,
10/25/2018,4258.52,120,166,
10/26/2018,6739.38,165,246,
10/27/2018,7844.02,196,287,
10/28/2018,8851.46,166,339,
10/29/2018,3619.15,88,122,
10/30/2018,2663.61,82,108,
10/31/2018,7044.88,165,285,
11/01/2018,4874.63,125,184,
11/02/2018,7362.43,175,261,
11/03/2018,8767.58,192,353,
11/04/2018,9129.52,173,332,
11/05/2018,3213.22,78,110,
11/06/2018,4645.55,114,172,
11/07/2018,5218.94,125,185,
11/08/2018,4017.91,114,148,
11/09/2018,5063.56,122,175,
11/10/2018,8964.41,172,282,
11/11/2018,7855.8,159,279,
11/12/2018,3028.22,73,119,
11/13/2018,2810.93,88,118,
11/14/2018,5295.08,112,170,
11/15/2018,4991.36,112,170,
11/16/2018,5911.89,154,224,
11/17/2018,9257.54,214,327,
11/18/2018,6996.26,142,296,
11/19/2018,3515.63,92,166,
11/20/2018,4206.84,108,153,
11/21/2018,6839.62,120,228,
11/22/2018,4993.38,78,126,
11/23/2018,6595.26,169,242,
11/24/2018,4973.31,100,174,
11/25/2018,4743.44,100,184,
11/26/2018,3235.97,92,131,
11/27/2018,3120.59,99,121,
11/28/2018,4581.35,103,163,
11/29/2018,4334.7,105,154,
11/30/2018,9412.49,200,284,
12/01/2018,12600.97,165,293,
12/02/2018,6601.6,121,220,
12/03/2018,4317,110,155,
12/04/2018,3573.8,96,129,
12/05/2018,6214.25,139,217,
12/06/2018,4104.11,109,144,
12/07/2018,8336.57,183,281,
12/08/2018,10309.16,211,313,
12/09/2018,7415.4,153,262,
12/10/2018,2997.95,90,119,
12/11/2018,6585.56,68,95,
12/12/2018,5714.37,116,195,
12/13/2018,4691.57,110,168,
12/14/2018,12226.95,208,312,
12/15/2018,9017.63,182,322,
12/16/2018,5537.66,123,205,
12/17/2018,4461.87,94,147,
12/18/2018,4613.23,104,148,
12/19/2018,9163.32,128,212,
12/20/2018,4777.09,108,165,
12/21/2018,6383.84,164,230,
12/22/2018,7369.51,149,247,
12/23/2018,5761.41,107,189,
12/24/2018,3660.61,80,130,
12/25/2018,4039.9,84,131,
12/26/2018,4499.98,93,167,
12/27/2018,4723.43,91,167,
12/28/2018,4790.57,109,172,
12/29/2018,5918.22,130,228,
12/30/2018,7815.32,132,264,
12/31/2018,9475.85,185,308,
01/01/2019,7302.59,137,251,
01/02/2019,4209.77,96,151,
01/03/2019,3050.42,92,123,
01/04/2019,6138.56,146,210,
01/05/2019,5602.57,119,186,
01/06/2019,5492.77,115,204,
01/07/2019,3326.38,92,122,
01/08/2019,2555.53,67,97,
01/09/2019,5101.24,110,176,
01/10/2019,3419.42,96,122,
01/11/2019,5758.96,137,198,
01/12/2019,10614.06,159,250,
01/13/2019,6773.69,142,241,
01/14/2019,3244.33,72,105,
01/15/2019,3330.5,86,123,
01/16/2019,5676.28,110,189,
01/17/2019,4388,99,149,
01/18/2019,5891.15,138,222,
01/19/2019,8384.18,156,282,
01/20/2019,6296.09,171,253,
01/21/2019,3689.97,82,135,
01/22/2019,3594.86,116,140,
01/23/2019,5027.16,112,183,
01/24/2019,2618.76,79,104,
01/25/2019,6730.34,163,258,
01/26/2019,12867.68,202,324,
01/27/2019,5000.95,111,198,
01/28/2019,3045.35,84,111,
01/29/2019,3116.77,109,123,
01/30/2019,8194.61,117,172,
01/31/2019,3833.28,114,151,
02/01/2019,5740.6,147,224,
02/02/2019,7464.95,147,274,
02/03/2019,7611.37,146,258,
02/04/2019,4045.97,88,171,
02/05/2019,3028.03,100,138,
02/06/2019,4709.32,115,177,
02/07/2019,4462.94,106,173,
02/08/2019,6901.18,180,237,
02/09/2019,6743.41,139,253,
02/10/2019,6324.11,141,249,
02/11/2019,2505.37,74,98,
02/12/2019,2239.02,78,102,
02/13/2019,4424.21,113,173,
02/14/2019,6317.2,137,193,
02/15/2019,5836.67,170,231,
02/16/2019,5930.29,128,235,
02/17/2019,5679.39,120,186,
02/18/2019,4259.21,109,173,
02/19/2019,3318.01,72,104,
02/20/2019,3866.37,88,137,
02/21/2019,4492.81,97,156,
02/22/2019,5922.99,141,224,
02/23/2019,6844.31,140,233,
02/24/2019,6674.93,139,254,
02/25/2019,2622.95,69,94,
02/26/2019,3202.38,87,123,
02/27/2019,5544.19,116,191,
02/28/2019,2939.03,99,131,
03/01/2019,7111.63,121,197,
03/02/2019,6588.23,131,226,
03/03/2019,6658.57,146,252,
03/04/2019,7989.92,91,138,
03/05/2019,2326.3,73,97,
03/06/2019,3070.01,86,131,
03/07/2019,5794.89,145,215,
03/08/2019,7585.71,175,252,
03/09/2019,10401.04,212,351,
03/10/2019,4454.64,90,170,
03/11/2019,3316.47,97,128,
03/12/2019,4221.06,90,138,
03/13/2019,4562,107,168,
03/14/2019,3966.22,103,157,
03/15/2019,6474.32,169,243,
03/16/2019,9089.45,183,336,
03/17/2019,10825.73,192,343,
03/18/2019,2914.96,88,122,
03/19/2019,2749.64,85,107,
03/20/2019,4832.49,121,187,
03/21/2019,3540.77,100,136,
03/22/2019,7599.02,179,262,
03/23/2019,7116.79,151,264,
03/24/2019,8844.97,187,325,
03/25/2019,3406.91,90,139,
03/26/2019,4058.32,99,157,
03/27/2019,5151.56,118,193,
03/28/2019,4298.78,115,158,
03/29/2019,7393.98,173,270,
03/30/2019,10433.33,215,393,
03/31/2019,7186.79,150,262,
04/01/2019,2967.33,79,127,
04/02/2019,2996.15,95,127,
04/03/2019,5123.77,115,184,
04/04/2019,3934.1,114,163,
04/05/2019,6080.83,166,246,
04/06/2019,13465.05,328,530,
04/07/2019,8040.57,178,301,
04/08/2019,5223.25,139,229,
04/09/2019,4104.26,106,167,
04/10/2019,5117.78,123,181,
04/11/2019,4379.52,114,160,
04/12/2019,7498.97,181,278,
04/13/2019,13149.18,261,474,
04/14/2019,7852.39,158,295,
04/15/2019,4020.05,84,131,
04/16/2019,4864.17,129,192,
04/17/2019,5695.01,135,222,
04/18/2019,4672,126,187,
04/19/2019,9098.68,189,332,
04/20/2019,9528.64,279,397,
04/21/2019,7111.34,145,290,
04/22/2019,3179.2,87,124,
04/23/2019,5637.65,121,196,
04/24/2019,7055.64,168,277,
04/25/2019,5242.11,112,176,
04/26/2019,4813.83,134,188,
04/27/2019,9060.01,191,357,
04/28/2019,7604.65,153,264,
04/29/2019,3704.82,100,141,
04/30/2019,3734.44,112,156,
05/01/2019,5897.68,130,206,
05/02/2019,4345.48,111,161,
05/03/2019,7727.88,163,299,
05/04/2019,11193.72,214,415,
05/05/2019,7590.44,139,267,
05/06/2019,2841.98,93,128,
05/07/2019,4070.07,119,181,
05/08/2019,6213.83,148,234,
05/09/2019,4724.16,116,154,
05/10/2019,7715.76,171,278,
05/11/2019,9762.68,184,352,
05/12/2019,8482.9,136,282,
05/13/2019,3036.42,77,102,
05/14/2019,3253.87,97,138,
05/15/2019,6429.39,143,236,
05/16/2019,4850.61,121,185,
05/17/2019,10051.78,185,316,
05/18/2019,10007.39,198,402,
05/19/2019,9888.96,178,373,
05/20/2019,5174.75,120,211,
05/21/2019,4251.04,105,161,
05/22/2019,6030.58,140,242,
05/23/2019,4945.02,109,164,
05/24/2019,8669.04,207,319,
05/25/2019,10076.12,310,449,
05/26/2019,6198.72,120,235,
05/27/2019,8303.14,162,308,
05/28/2019,3680.72,103,139,
05/29/2019,5882.21,95,155,
05/30/2019,4311.04,107,152,
05/31/2019,9153.13,187,294,
06/01/2019,9496.3,196,360,
06/02/2019,7138.63,150,283,
06/03/2019,3398.33,98,143,
06/04/2019,4917.12,128,195,
06/05/2019,6357.25,134,219,
06/06/2019,4540.7,113,209,
06/07/2019,8431.1,200,278,
06/08/2019,9766.45,276,381,
06/09/2019,8523.14,170,630,
06/10/2019,3681.76,93,134,
06/11/2019,4113.42,118,195,
06/12/2019,4926.98,125,201,
06/13/2019,4932.46,121,166,
06/14/2019,8245.81,188,324,
06/15/2019,10746.4,212,395,
06/16/2019,8490.21,170,335,
06/17/2019,3640.16,89,134,
06/18/2019,6011.59,97,154,
06/19/2019,4672.67,110,162,
06/20/2019,4971.88,135,205,
06/21/2019,9099.46,201,347,
06/22/2019,11307.26,273,418,
06/23/2019,8488.3,179,334,
06/24/2019,4699.11,123,169,
06/25/2019,4281.13,109,172,
06/26/2019,4900.71,135,219,
06/27/2019,5394.55,126,195,
06/28/2019,7470.74,175,296,
06/29/2019,8380.33,190,333,
06/30/2019,6544.29,140,248,
07/01/2019,4045.71,112,174,
07/02/2019,3723.18,122,168,
07/03/2019,6603.22,144,232,
07/04/2019,7206.05,153,267,
07/05/2019,4177.76,100,153,
07/06/2019,6288.31,136,217,
07/07/2019,9554.19,190,349,
07/08/2019,3355.79,79,112,
07/09/2019,4094.4,108,160,
07/10/2019,5071.81,113,193,
07/11/2019,5855.01,108,158,
07/12/2019,7510.44,178,277,
07/13/2019,7099.06,152,263,
07/14/2019,8226,151,285,
07/15/2019,3325.14,94,141,
07/16/2019,3453.44,98,145,
07/17/2019,5622.92,123,211,
07/18/2019,4838.34,118,187,
07/19/2019,6452.39,167,245,
07/20/2019,8559.34,240,323,
07/21/2019,6487.61,133,223,
07/22/2019,4110.86,100,274,
07/23/2019,3107.77,97,126,
07/24/2019,5125.32,139,220,
07/25/2019,5722.97,138,214,
07/26/2019,8550.76,176,287,
07/27/2019,8119.61,173,315,
07/28/2019,7655.51,150,291,
07/29/2019,4188.43,106,144,
07/30/2019,5147.06,122,168,
07/31/2019,7107.72,96,143,
08/01/2019,4883.02,115,182,
08/02/2019,6407.17,148,228,
08/03/2019,8365.14,235,347,
08/04/2019,6640.92,135,253,
08/05/2019,4704.36,110,156,
08/06/2019,3624.92,108,155,
08/07/2019,6413.97,127,215,
08/08/2019,4101.46,100,160,
08/09/2019,5800.38,138,202,
08/10/2019,8864.58,231,334,
08/11/2019,7443.28,161,292,
08/12/2019,3985.2,97,147,
08/13/2019,3946.64,104,157,
08/14/2019,6202.91,129,193,
08/15/2019,6619.16,149,198,
08/16/2019,8266.99,224,314,
08/17/2019,6592.66,161,255,
08/18/2019,5867.78,128,226,
08/19/2019,4007,103,154,
08/20/2019,3806.68,108,146,
08/21/2019,6929.04,127,197,
08/22/2019,3838.5,98,140,
08/23/2019,6818.45,153,253,
08/24/2019,11894.57,335,497,
08/25/2019,8934.21,223,363,
08/26/2019,3426.69,89,134,
08/27/2019,3412.94,90,127,
08/28/2019,5492.73,122,197,
08/29/2019,6073.86,139,214,
08/30/2019,5883.41,137,216,
08/31/2019,13413.31,150,1022,
09/01/2019,5668.27,130,1028,
09/02/2019,5826.75,127,1848,
09/03/2019,3825.1,110,162,
09/04/2019,4074.54,113,161,
09/05/2019,5812.21,150,212,
09/06/2019,6564.57,144,210,
09/07/2019,9539.2,239,361,
09/08/2019,7791.41,157,257,
09/09/2019,4644.34,101,135,
09/10/2019,3857.02,99,137,
09/11/2019,5204.3,111,170,
09/12/2019,5696.62,121,195,
09/13/2019,12287.74,153,231,
09/14/2019,15475.74,194,356,
09/15/2019,6842.11,150,248,
09/16/2019,2828.24,87,121,
09/17/2019,4016.47,108,163,
09/18/2019,4892.1,97,136,
09/19/2019,5548.66,120,167,
09/20/2019,7210.33,169,252,
09/21/2019,7391.76,167,277,
09/22/2019,8032.98,181,274,
09/23/2019,2640.88,83,106,
09/24/2019,3869.28,114,150,
09/25/2019,5543.37,115,142,
09/26/2019,5379.29,131,157,
09/27/2019,8097.85,167,247,
09/28/2019,12801.96,228,290,
09/29/2019,6881.39,148,194,
09/30/2019,3527.17,95,121,
10/01/2019,3998.89,118,132,
10/02/2019,4939.15,111,146,
10/03/2019,5735.7,162,185,
10/04/2019,8311.74,173,258,
10/05/2019,7756.84,155,214,
10/06/2019,8115.96,152,269,
10/07/2019,3771.77,87,923,
10/08/2019,4044.06,113,128,
10/09/2019,5168.03,120,165,
10/10/2019,4185.07,105,141,
10/11/2019,7005.78,166,236,
10/12/2019,11052.32,218,341,
10/13/2019,8050.22,161,279,
10/14/2019,3870.53,94,386,
10/15/2019,4241.95,110,145,
10/16/2019,5602.44,120,194,
10/17/2019,7023.61,109,154,
10/18/2019,9449.38,186,246,
10/19/2019,17872.96,337,502,
10/20/2019,7263.08,140,199,
10/21/2019,3754,93,114,
10/22/2019,3623.57,89,103,
10/23/2019,5415.26,114,182,
10/24/2019,7997.08,136,187,
10/25/2019,6822.39,158,231,
10/26/2019,15554.16,334,488,
10/27/2019,6063.13,133,196,
10/28/2019,3063.93,80,104,
10/29/2019,3216.01,100,114,
10/30/2019,5224.46,150,207,
10/31/2019,7843.98,170,271,
11/01/2019,6539.28,174,249,
11/02/2019,11242.04,222,328,
